@misc{
  catctxphy,
    author = {SHTSoft.EU},
    title = {{Category Theory in the Context of Physics}},
    year = {2022},
    month = {March},
    howpublished = {\url{https://github.com/shtsoft/catctxphy/releases/v0.1.0/download/paper.pdf}}
}
@misc{
  04d6b664,
  author={Kane, C. L. and Mele, E. J.},
  title={{$\mathbb{Z}_{2}$ Topological Order and the Quantum Spin Hall Effect}},
  year={2005},
  month={June},
  howpublished={\url{https://arxiv.org/abs/cond-mat/0506581v2}},
  note={ArXiv e-Prints}
}
@misc{
  0e533eef,
  author={Zhao, C.},
  title={{The Topological Properties in Topological Insulators and Superconductors}},
  year={2013},
  month={September},
  howpublished={\url{https://arxiv.org/abs/1309.2056v1}},
  note={ArXiv e-Prints}
}
@phdthesis{
  1706ae98,
  author={De Nittis, G.},
  title={Hunting Colored (Quantum) Butterflies},
  year={2010},
  month={October},
  note={\url{https://gdenittis.files.wordpress.com/2013/02/phd_thesis.pdf}},
  type={{Doctoral Thesis}},
  school={SISSA}
}
@misc{
  37e40023,
  author={Thiang, G. C.},
  title={{T-Duality of Topological Insulators}},
  year={2015},
  month={September},
  howpublished={\url{https://arxiv.org/abs/1503.01206v4}},
  note={ArXiv e-Prints}
}
@misc{
  3e24354b,
  author={Schulz-Baldes, H.},
  title={{Topological Insulators From the Perspective of Non-Commutative Geometry and Index Theory}},
  year={2016},
  month={July},
  howpublished={\url{https://arxiv.org/abs/1607.04013v1}},
  note={ArXiv e-Prints}
}
@misc{
  5914f1ad,
  author={Simon, S. H.},
  title={{Solid State Physics}},
  year={2012},
  month={January},
  howpublished={\url{https://www-thphys.physics.ox.ac.uk/people/SteveSimon/condmat2012/LectureNotes2012.pdf}},
  note={Self-Published e-Print}
}
@misc{
  5cb8b651,
  author={Bellissard, J. and van Elst, A. and Schulz-Baldes, H.},
  title={{The Non-Commutative Geometry of the Quantum Hall Effect}},
  year={1994},
  month={November},
  howpublished={\url{https://arxiv.org/abs/cond-mat/9411025v1}},
  note={ArXiv e-Prints}
}
@misc{
  6342e665,
  author={Dugger, D},
  title={{A Geometric Introduction to K-Theory}},
  year={2014},
  month={January},
  howpublished={\url{http://math.uoregon.edu/~ddugger/kgeom.pdf}},
  note={Self-Published e-Print}
}
@misc{
  6ab9663f,
  author={Fu, L. and Kane, C. L.},
  title={{Time Reversal Polarization and a $\mathbb{Z}_{2}$ Adiabatic Spin Pump}},
  year={2006},
  month={June},
  howpublished={\url{https://arxiv.org/abs/cond-mat/0606336v1}},
  note={ArXiv e-Prints}
}
@unpublished{
  7fc005ba,
  author={Voigt, C.},
  title={{K-Theorie f\"ur Operatoralgebren}},
  year={2016},
  note={Not-Published e-Print}
}
@misc{
  8b5861fc,
  author={Hatcher, A.},
  title={{Algebraic Topology}},
  year={2001},
  month={December},
  howpublished={\url{https://www.math.cornell.edu/~hatcher/AT/AT.pdf}},
  note={Self-Published e-Print}
}
@misc{
  9104a30f,
  author={Ryu, S. and Schnyder, A. P. and Furusaki, A. and Ludwig, A. W. W.},
  title={{Topological Insulators and Superconductors}},
  year={2010},
  month={June},
  howpublished={\url{https://arxiv.org/abs/0912.2157v2}},
  note={ArXiv e-Prints}
}
@misc{
  99aba7f6,
  author={Thiang, G. C.},
  title={{Topological Phases: Isomorphisms, Homotopy and K-Theory}},
  year={2015},
  month={April},
  howpublished={\url{https://arxiv.org/abs/1412.4191v2}},
  note={ArXiv e-Prints}
}
@misc{
  9fc084b2,
  author={Monaco, D. and Panati, G.},
  title={{Symmetry and Localization in Periodic Crystals: Triviality of Bloch Bundles With a Time Reversal Symmetry}},
  year={2016},
  month={December},
  howpublished={\url{https://arxiv.org/abs/1601.02906v1}},
  note={ArXiv e-Prints}
}
@misc{
  a3f326d1,
  author={Blackadar, B.},
  title={{K-Theory for Operator Algebras}},
  year={1998},
  month={September},
  howpublished={\url{https://wolfweb.unr.edu/homepage/bruceb/Book6.pdf}},
  note={Self-Published e-Print}
}
%  publisher={Cambridge University Press},
%  address={New York}
@misc{
  c7f15065,
  author={Hatcher, A.},
  title={{Vector Bundles and K-Theory}},
  year={2003},
  month={January},
  howpublished={\url{https://www.math.cornell.edu/~hatcher/VBKT/VB.pdf}},
  note={Self-Published e-Print}
}
@misc{
  c9fb3de7,
  author={Thiang, G. C.},
  title={{On the K-Theoretic Classification of Topological Phases of Matter}},
  year={2014},
  month={November},
  howpublished={\url{https://arxiv.org/abs/1406.7366v2}},
  note={ArXiv e-Prints}
}
@book{
  cbb89efd,
  author={Artin, M.},
  title={Algebra},
  year={2011},
  publisher={Pearson Prentice Hall},
  address={Upper Saddle River}
}
@misc{
  ce883d84,
  author={De Nittis, G. and Panati, G.},
  title={{The Topological Bloch Floquet Transform and Some Applications}},
  year={2012},
  month={February},
  howpublished={\url{https://arxiv.org/abs/0911.5270v5}},
  note={ArXiv e-Prints}
}
@misc{
  d02f3620,
  author={Panati, G.},
  title={{Triviality of Bloch and Bloch-Dirac Bundles}},
  year={2006},
  month={January},
  howpublished={\url{https://arxiv.org/abs/math-ph/0601034v1}},
  note={ArXiv e-Prints}
}
@misc{
  eda79af1,
  author={Kitaev, A.},
  title={{Periodic Table for Topological Insulators and Superconductors}},
  year={2009},
  month={January},
  howpublished={\url{https://arxiv.org/abs/0901.2686v2}},
  note={ArXiv e-Prints}
}
@misc{
  f6db8935,
  author={Hasan, M. Z. and Kane, C. L.},
  title={{Topological Insulators}},
  year={2010},
  month={November},
  howpublished={\url{https://arxiv.org/abs/1002.3895v2}},
  note={ArXiv e-Prints}
}
@misc{
  f94459b0,
  author={Prodan, E. and Schulz-Baldes, H.},
  title={{Bulk and Boundary Invariants for Complex Topological Insulators From K-Theory to Physics}},
  year={2016},
  month={February},
  howpublished={\url{https://arxiv.org/abs/1510.08744v3}},
  note={ArXiv e-Prints}
}
@misc{
  fa76af21,
  author={Kaufmann, R. M. and Li, D and Wehefritz-Kaufmann B.},
  title={{Notes on Topological Insulators}},
  year={2016},
  month={December},
  howpublished={\url{https://arxiv.org/abs/1501.02874v4}},
  note={ArXiv e-Prints}
}
@misc{
  fd8cbb36,
  author={Stiepan, H.-M. and Teufel, S.},
  title={{Semiclassical Approximations for Hamiltonians with Operator-Valued Symbols}},
  year={2012},
  month={July},
  howpublished={\url{https://arxiv.org/abs/1201.4608v3}},
  note={ArXiv e-Prints}
}
@misc{
  wiki-pedia0en,
  author={Wikipedia},
  title={{The Free Encyclopedia}},
  howpublished={\url{https://en.wikipedia.org}},
  note={Search for Definitions Occuring in This e-print}
}
