@misc{
  topins,
    author = {SHTSoft.EU},
    title = {{A Primer on Topological Insulators}},
    year = {2023},
    month = {March},
    howpublished = {\url{https://github.com/shtsoft/topins/releases/v0.1.0/download/paper.pdf}}
}
